@book{martin1997better,
  title={Better Training for Distance Runners},
  author={Martin, D.E. and Coe, P.N.},
  isbn={9780880115308},
  lccn={96043355},
  url={https://books.google.com/books?id=SdUUFVVJpGEC},
  year={1997},
  publisher={Human Kinetics}
}

@article{kurosawaCreatineSupplementationEnhances2003,
  title = {Creatine Supplementation Enhances Anaerobic {{ATP}} Synthesis during a Single 10 Sec Maximal Handgrip Exercise},
  author = {Kurosawa, Yuko and Hamaoka, Takafumi and Katsumura, Toshihito and Kuwamori, Masasuke and Kimura, Naoto and Sako, Takayuki and Chance, Britton},
  date = {2003-02},
  journaltitle = {Molecular and Cellular Biochemistry},
  shortjournal = {Mol Cell Biochem},
  volume = {244},
  number = {1-2},
  eprint = {12701817},
  eprinttype = {pmid},
  pages = {105--112},
  issn = {0300-8177},
  langid = {english},
}

@article{sahlinMuscleEnergeticsExplosive2014,
  title = {Muscle Energetics during Explosive Activities and Potential Effects of Nutrition and Training},
  author = {Sahlin, Kent},
  date = {2014-11},
  journaltitle = {Sports Medicine (Auckland, N.Z.)},
  shortjournal = {Sports Med},
  volume = {44 Suppl 2},
  eprint = {25355190},
  eprinttype = {pmid},
  pages = {S167-173},
  issn = {1179-2035},
  doi = {10.1007/s40279-014-0256-9},
  langid = {english},
  pmcid = {PMC4213384},
}

@book{openstax2013muscle,
  title={Anatomy and Physiology},
  author={J. Gordon Betts and Kelly A. Young and James A. Wise and Eddie Johnson and Brandon Poe and Dean H. Kruse and Oksana Koro and Jody E. Johnson and Mark Womble and Peter DeSaix},
  url={https://openstax.org/books/anatomy-and-physiology/pages/1-introduction},
  year={2013},
  publisher={Openstax}
}

@article{linMethodPerspectiveNormalization2020,
  title = {A Method of Perspective Normalization for Video Images Based on Map Data},
  author = {Lin, Bingxian and Xu, Changlu and Lan, Xin and Zhou, Liangchen},
  date = {2020-01-02},
  journaltitle = {Annals of GIS},
  shortjournal = {Annals of GIS},
  volume = {26},
  number = {1},
  pages = {35--47},
  issn = {1947-5683, 1947-5691},
  doi = {10.1080/19475683.2019.1704870},
  url = {https://www.tandfonline.com/doi/full/10.1080/19475683.2019.1704870},
  urldate = {2022-04-07},
  langid = {english},
}


